3860 5828
404 1242 755 1340 Praefatio
794 1249 860 1340 et
894 1248 1068 1341 ratio
1105 1248 1344 1363 operis.

725 1580 731 1592 ,
823 1563 929 1584 -υ--ύ-

120 1837 203 1895 Setius
216 1842 342 1896 fumasse
361 1843 451 1908 iuret,
474 1843 527 1898 huc
546 1844 708 1913 opusculum
732 1844 793 1898 sinc
813 1845 874 1898 ulla
892 1844 1093 1900 introductione
1114 1853 1144 1900 et
1162 1846 1375 1900 benerolentiae
1396 1846 1556 1916 captatione
1577 1845 1605 1899 in
1626 1846 1714 1899 lucem

66 1958 131 2021 cers,
142 1958 281 2014 arbitrium
295 1978 365 2014 reru
380 1942 490 2028 de‘ejus
503 1960 595 2014 indole
614 1967 644 2014 et
657 1960 680 2013 si
695 1977 766 2030 quse
781 1967 824 2015 est
837 1961 961 2015 utilitate
973 1961 1063 2016 doctis
1073 1960 1213 2031 justisque
1223 1961 1362 2029 judicibus
1377 1963 1546 2032 permittere.
1569 1963 1636 2014 Cum
1648 1977 1715 2014 roro

66 2072 205 2126 udrbtores
218 2076 352 2130 babeant
365 2092 419 2129 sua
431 2084 499 2130 rntn
511 2076 615 2141 libelli,
638 2093 693 2130 non
707 2082 804 2129 contra
815 2093 874 2129 rem
887 2076 1011 2140 ridetur,
1033 2076 1073 2130 illi
1087 2093 1139 2146 per
1153 2076 1254 2129 itinere
1268 2076 1376 2130 litteras
1397 2079 1515 2147 scriptos
1529 2079 1656 2139 tradere,
1678 2092 1716 2128 ex

68 2184 137 2252 ribos
148 2197 257 2256 patent,
281 2192 358 2244 unde
372 2191 482 2255 veniat,
504 2192 611 2263 etquid
626 2199 712 2264 egat,
734 2199 818 2262 atque
839 2199 871 2247 ut
889 2193 935 2263 qui
951 2192 1036 2246 umice
1055 2193 1083 2246 in
1097 2195 1203 2247 domum
1218 2192 1263 2245 vel
1278 2192 1350 2245 forte
1372 2194 1406 2244 nd
1421 2192 1532 2245 tubulus
1547 2193 1643 2244 ductas
1656 2188 1715 2241 rie·

67 2310 129 2353 wien
139 2302 257 2372 recipere
271 2305 378 2369 velint,
399 2308 567 2361 edoceantur
581 2306 644 2378 quid
659 2307 695 2362 ab
710 2325 743 2359 eu
758 2307 795 2361 sit
809 2312 1012 2378 expectendum
1026 2318 1055 2363 et
1069 2312 1271 2379 postulandum.

124 2416 182 2470 Cum
195 2418 338 2473 industrie
352 2421 568 2477 doctissimorum
582 2423 704 2476 anniso
719 2423 931 2477 Glumecearum
945 2425 1175 2496 investigaturum
1193 2425 1274 2494 copia
1286 2440 1377 2477 rerum
1392 2423 1491 2476 sensim
1510 2423 1544 2475 ad
1559 2421 1717 2474 hodiernum

69 2530 174 2587 destun
186 2533 214 2588 in
227 2535 347 2605 scriptis
362 2542 460 2601 sucta,
483 2544 542 2593 tum
554 2538 582 2592 in
595 2537 732 2592 berberiis
747 2538 921 2609 diligentium
938 2539 965 2592 in
979 2541 1104 2610 plurimis
1119 2540 1192 2593 urbis
1206 2548 1341 2597 terrenum
1354 2538 1514 2609 regionibus
1528 2537 1718 2590 itineratorum

70 2656 198 2704 meta
209 2650 263 2715 sit,
278 2669 339 2705 non
353 2659 451 2706 contra
463 2669 520 2707 rem
534 2653 666 2707 scientius
679 2654 827 2709 ridebatur
841 2662 973 2719 conatus,
996 2672 1088 2709 omnes
1104 2657 1155 2709 hus
1174 2655 1281 2725 species
1295 2662 1354 2708 turn
1368 2653 1396 2725 in
1410 2650 1566 2706 sexcenties
1580 2649 1657 2702 libris
1672 2650 1718 2700 de-

70 2762 156 2830 wipm
167 2772 224 2819 turn
238 2766 268 2821 in
282 2768 425 2823 berberiis
439 2770 560 2823 latentes
579 2770 607 2823 in
628 2787 684 2823 uuo
706 2785 789 2839 opere
803 2770 951 2841 colligendi
973 2778 1000 2824 et
1016 2771 1194 2825 describendi.
1237 2771 1313 2841 Opus
1328 2776 1403 2825 certe
1417 2766 1539 2836 suscepi,
1554 2766 1624 2836 quud
1638 2762 1719 2816 unius

70 2874 152 2931 Mitis
163 2880 284 2937 teneris
298 2886 417 2955 grnrius
431 2884 517 2938 rideri
530 2890 642 2955 posset;
663 2902 715 2938 neo
736 2885 840 2938 inficior
852 2886 918 2939 ‘mibi
939 2904 993 2939 nun
1016 2902 1108 2940 omnes
1131 2888 1237 2949 fontes,
1260 2887 1306 2956 qui
1327 2888 1361 2938 ed
1376 2883 1574 2954 perlectionem
1587 2877 1718 2947 ejusmodi

70 2994 133 3057 W
144 2998 333 3066 requiruntur,
349 2999 435 3054 fuisse
450 3006 578 3070 apertos;
598 3017 654 3071 qna
666 3018 697 3056 re
712 3000 796 3054 aliter
810 3001 869 3053 deri
882 3018 936 3053 nun
951 3001 1056 3071 potuit,
1072 3002 1137 3071 quin
1153 3002 1180 3055 in
1193 3009 1276 3055 tanto
1289 3018 1380 3055 rernm
1394 2997 1567 3053 abundantia
1580 3000 1721 3048 restarent

70 3104 155 3163 Mune
173 3120 201 3165 et
220 3114 366 3177 deiectus,
389 3116 602 3187 irrepserintque
623 3132 746 3180 errores,
769 3117 815 3187 qui
836 3116 908 3170 forte
922 3117 1022 3170 eritori
1036 3117 1201 3186 potuissent.
1244 3117 1355 3169 Interea
1369 3112 1570 3185 supellectilem
1589 3126 1642 3181 non
1656 3125 1721 3160 cun-

70 3226 209 3282 smmum
222 3231 421 3299 praebuerunt
432 3232 528 3302 plures
541 3231 728 3286 bibliothecae
742 3232 871 3300 publices
887 3231 1088 3301 amicorumque
1103 3233 1147 3302 qni
1170 3232 1250 3284 simul
1265 3231 1368 3311 aditum
1382 3243 1517 3297 spernere
1532 3226 1566 3278 ad
1587 3222 1722 3276 ditissime

70 3336 182 3406 bouus,
202 3345 244 3398 uti
267 3344 297 3397 in
320 3346 473 3399 erulrendu
494 3364 578 3417 opere
599 3347 653 3401 erit
673 3349 889 3410 observandum,
911 3348 973 3400 dum
994 3346 1172 3400 collectiones
1193 3346 1323 3415 propriae
1344 3341 1509 3412 praesertim
1530 3357 1567 3393 ex
1587 3337 1721 3391 fructibus

70 3450 167 3511 liborum
185 3461 345 3516 mturimts
363 3463 472 3517 unionis
491 3468 603 3518 nostrae
624 3462 785 3517 itinerariae
806 3468 836 3516 et
856 3463 1044 3516 Hodenuclrssi
1064 3468 1253 3531 suscepturum
1273 3466 1387 3529 praesto
1408 3463 1438 3510 et
1457 3455 1534 3525 operi
1555 3454 1722 3509 incremento

70 3580 134 3624 tart.
170 3575 293 3629 [lterior
311 3593 379 3630 reru
401 3578 435 3630 ad
455 3577 583 3630 calendas
598 3593 716 3648 maccus
739 3576 830 3646 operis
850 3576 948 3630 dilatio
968 3592 1024 3629 uun
1045 3593 1061 3628 e
1082 3592 1113 3628 re
1127 3572 1290 3643 disciplinae
1303 3573 1451 3625 ridebatur
1464 3587 1542 3633 esso,
1563 3585 1623 3622 cum
1643 3568 1722 3622 inex·

70 3684 159 3743 huso
171 3692 261 3746 eluse
276 3700 393 3746 nostrae
408 3658 501 3746 terrae
515 3693 629 3747 diritius
643 3694 725 3746 inem
739 3692 834 3761 utique
850 3691 927 3761 operi
940 3691 1081 3759 imponere
1096 3688 1188 3741 autori
1202 3686 1419 3758 septuagenario
1434 3686 1482 3739 rix
1496 3698 1617 3755 unquam
1630 3682 1721 3736 licuis-

14 3848 15 3857 ,
71 3808 125 3865 est,
137 3805 194 3859 binc
213 3824 283 3861 reru
298 3808 452 3862 necessitas
473 3815 506 3862 ut
525 3808 566 3861 ita
586 3808 675 3862 ‹ricsm
689 3813 820 3877 urgeret,
841 3813 874 3859 ut
895 3823 964 3875 opus
980 3806 1123 3867 ederetur,
1147 3804 1218 3872 quod
1240 3803 1267 3856 in
1282 3809 1392 3855 centum
1407 3802 1517 3871 scriptis
1539 3808 1569 3854 et
1586 3796 1722 3852 berberiis

71 3916 160 3983 disjecta
171 3922 307 3977 scientiae
321 3924 444 3977 membra
457 3923 613 3996 colligeret,
629 3922 657 3976 in
672 3921 793 3975 ordinem
808 3920 1016 3990 systematicum
1026 3918 1166 3989 redigeret
1181 3924 1210 3971 et
1224 3918 1251 3971 id
1265 3926 1372 3988 egeret,
1387 3926 1420 3973 ut
1433 3917 1495 3986 ejus
1509 3932 1562 3987 ope
1574 3913 1722 3969 ulteriores

72 4032 250 4093 *limarum
264 4037 499 4107 investigationes
513 4039 653 4093 faciliores
667 4043 697 4092 et
711 4035 862 4089 securiores
876 4035 983 4088 tierent.

14 4160 15 4221 1
126 4152 164 4203 De
176 4151 285 4222 reliqna
300 4151 393 4220 operis
405 4152 497 4206 indole
516 4160 547 4206 et
559 4154 669 4209 ratione
684 4153 819 4223 quaedam
833 4151 933 4203 addere
948 4166 1003 4203 non
1017 4148 1072 4203 erit
1086 4148 1262 4217 superfluum.

14 4234 16 4319 l
129 4266 178 4320 Vix
196 4284 292 4322 eornm
315 4282 386 4336 quse
407 4266 584 4321 continentur
604 4267 723 4322 ambitus
744 4270 775 4318 et
794 4264 945 4332 conjuncte
965 4264 1164 4333 contemplet-io
1178 4263 1309 4315 Tribuum
1330 4276 1390 4313 cum
1404 4257 1560 4311 Giunrnucis
1582 4254 1723 4326 cognatis·

73 4378 169 4435 rimemur
181 4384 255 4438 dico:
278 4384 506 4447 nest-incestum,
526 4381 781 4443 Desrauxiecrum‚
801 4379 1078 4444 Eriocenlunearum‚
1098 4376 1282 4446 Xyrideurum
1305 4378 1335 4426 et
1347 4373 1514 4424 Juncearum
1535 4365 1724 4421 excusationis

74 4490 186 4564 ffligebit
225 4500 265 4554 Ut
285 4499 406 4569 plurium
419 4496 664 4566 Systematicurum
678 4501 802 4549 veterum
822 4494 907 4548 hasce
926 4493 1064 4547 sectiones
1087 4508 1147 4544 cum
1162 4486 1320 4541 Giumaoeie
1339 4483 1478 4553 jungendi
1491 4498 1593 4535 murem
1606 4487 1723 4543 mosum,

74 4608 136 4663 rtisu
151 4614 311 4668 norissimus
332 4614 367 4668 de
388 4612 499 4667 familiis
518 4612 678 4682 plantarum
698 4626 786 4680 agens
807 4608 1008 4667 illustrissimus
1030 4612 1112 4661 autor
1131 4603 1251 4670 Lindley
1275 4599 1339 4652 illes
1360 4613 1422 4651 cum
1442 4595 1564 4649 sectione
1585 4611 1637 4648 sun
1657 4594 1724 4648 Glu-

75 4723 137 4776 “lffi
150 4724 285 4791 (Allienus
299 4725 363 4793 vn)
379 4727 493 4800 jungit,
514 4727 559 4781 rel
580 4743 641 4780 cum
653 4725 779 4795 proxime
800 4724 929 4794 cognatis
949 4723 993 4777 uti
1014 4722 1100 4776 etiam
1112 4716 1263 4773 Endliclsur
1281 4719 1312 4766 et
1323 4713 1444 4767 Meissser
1463 4708 1591 4763 associet.
1632 4708 1726 4762 Etiam

77 4834 95 4886 is
110 4842 248 4898 ordinsMis
272 4843 384 4897 familiis
407 4850 437 4896 et
459 4841 628 4897 sectionibus
652 4839 774 4909 inprimis
796 4838 1006 4893 Graminearurn
1028 4837 1125 4889 borum
1145 4837 1274 4885 autorum
1296 4824 1419 4897 restigia
1440 4823 1562 4878 murima
1583 4839 1620 4875 ex
1643 4829 1727 4891 parte

78 4964 181 5022 smnus
193 4976 261 5014 suru.

135 5072 184 5125 Res
202 5091 270 5128 esne
284 5073 399 5131 dificilis
420 5080 449 5127 et
469 5034 611 5146 leboriusa
631 5077 708 5134 erat,
731 5086 865 5141 generum
879 5068 1033 5136 amplorum
1046 5061 1154 5134 species
1174 5060 1203 5113 in
1217 5059 1345 5113 cobortes
1360 5054 1442 5109 facile
1455 5052 1665 5123 distinguendus
1685 5050 1727 5105 its

80 5192 102 5235 ιι
111 5186 182 5241 sisu
195 5189 325 5260 cognitus
339 5188 447 5243 facilins
462 5188 603 5243 enucleari
616 5187 742 5256 possint,
756 5184 891 5238 concinne
904 5181 1039 5236 ordinere.
1080 5181 1126 5231 An
1140 5177 1193 5229 huc
1213 5170 1363 5243 contigerit
1378 5167 1468 5223 sutori
1482 5166 1591 5235 judices
1604 5165 1645 5219 rei
1659 5164 1726 5217 diiii·

79 5296 166 5355 ultus
178 5305 258 5376 gnari
271 5313 413 5370 comeant,
427 5305 451 5358 si
464 5304 537 5358 forte
550 5317 659 5376 genera
666 5301 827 5373 Pespnlum,
837 5296 978 5360 Punicum,
993 5292 1082 5364 Stipc,
1092 5288 1232 5362 Agrostis,
1246 5288 1444 5359 Andropugon,
1455 5284 1590 5354 cyperus,
1604 5280 1725 5350 Scupos,
