3860 5828
134 242 173 295 Ἦ
895 234 1048 306 ἢαιίαιίο.

135 416 226 472 Carex
242 414 352 485 aliaque
371 410 551 482 contemplari
570 410 667 467 velint.
710 411 857 465 Caeterum
882 410 904 463 si
926 410 1123 481 systematicae
1143 408 1355 463 coordinationis
1373 408 1497 462 rationes
1517 406 1639 460 invenire
1653 405 1833 475 quandoque

134 529 268 586 difficilius
289 536 367 591 erat,
387 526 605 600 geographicam
625 525 794 581 substituere
809 525 923 580 subinde
937 525 1148 595 praeferendum
1163 531 1239 586 erat:
1262 525 1289 580 iu
1310 525 1362 578 hoc
1384 540 1481 592 nempe
1502 521 1588 577 omnis
1603 520 1829 575 coordinationis

136 646 289 717 specierum
303 644 385 697 cardo
399 642 530 705 vertitur,
551 648 584 695 ut
598 640 796 711 perspicuitas,
818 640 941 694 brevitas
955 657 1015 695 cum
1031 640 1109 694 clara
1123 646 1249 694 notarum
1262 638 1363 691 -sint
1378 639 1431 693 hae
1446 639 1589 692 naturales
1603 636 1644 691 uti
1659 635 1750 689 dicuat
1769 640 1828 689 aut
1927 632 1928 635 ’

134 761 293 816 artificiales
305 758 526 814 —distinctione
540 773 619 811 usum
632 759 730 811 reddat
745 756 904 812 faciliorem.

213 877 245 930 ln
252 891 393 953 generum
407 873 611 929 constructione
625 890 680 927 non
695 889 804 943 semper
818 889 929 927 normae
944 874 1068 943 quamvis
1084 872 1328 926 illustrissimorum
1342 869 1461 924 virorum
1481 869 1509 923 in
1527 884 1605 922 usum
1619 875 1735 921 uocatae
1749 875 1825 922 sunt
1915 856 1919 863 ’

134 993 182 1046 sed
196 1009 268 1046 nunc
282 1006 390 1062 genera
403 988 542 1043 recentius
557 989 667 1042 condita
680 990 765 1058 plane
780 988 912 1059 neglecta
930 996 960 1043 ct
979 991 1013 1042 ud
1027 989 1184 1058 exemplum
1199 988 1315 1041 aliorum
1330 1002 1391 1039 cum
1405 984 1468 1039 aliis
1483 983 1632 1053 conjunct-a
1646 990 1826 1041 manserunt.

134 1109 189 1162 l'ix
204 1116 321 1161 naturae
343 1104 483 1160 creatricis
498 1105 627 1158 methodo
648 1111 863 1157 cousentaneum
877 1104 1000 1167 videtur,
1021 1120 1128 1175 gessero
1142 1103 1266 1157 laevibus
1282 1102 1489 1157 characteribus
1509 1100 1577 1154 nisa
1590 1106 1730 1160 statuere,
1752 1097 1829 1151 hinc

135 1224 246 1294 saepius
266 1223 317 1277 tali
332 1223 462 1277 methodo
484 1226 644 1276 constructa
657 1235 764 1291 genera
778 1226 887 1273 tautum
900 1219 1048 1274 sectionem
1064 1220 1185 1273 valorem
1199 1224 1312 1281 teneat,
1333 1218 1374 1273 uti
1389 1224 1509 1287 apparet
1527 1216 1554 1270 iu
1568 1216 1717 1288 genefflus
1732 1214 1825 1268 Pani·

135 1357 204 1403 cum,
219 1341 416 1411 Andropogon,
432 1337 546 1402 Scleris,
562 1337 695 1407 Cyperus,
712 1336 803 1389 Cares
818 1334 944 1405 aliisquo.
983 1335 1129 1388 Caeterum
1143 1334 1293 1395 fatendum,
1309 1335 1470 1403 quandoque
1484 1332 1513 1385 in
1527 1330 1650 1386 admissis
1665 1330 1826 1402 generibus

134 1454 221 1509 minus
236 1460 436 1525 consequenter
451 1461 543 1508 actum
564 1458 594 1507 et
611 1470 638 1505 v.
653 1469 677 1505 c.
691 1450 870 1513 Eleocharis,
886 1449 1016 1520 lsolepis,
1030 1448 1215 1519 Fimbristylis
1231 1448 1341 1519 aliaque
1356 1450 1492 1518 adoptata
1505 1447 1606 1511 fuisse,
1626 1462 1698 1517 quae
1711 1445 1825 1500 rectius
1921 1492 1925 1499 .

134 1569 206 1623 sorte
219 1569 438 1639 permansissent
452 1568 609 1638 conjuncta
651 1567 678 1621 Si
694 1583 759 1619 vero
774 1566 883 1636 quidam
897 1564 1118 1634 conjunctionem
1139 1566 1185 1619 vel
1200 1564 1407 1635 separationem
1421 1565 1592 1634 vituperent,
1611 1562 1685 1617 facili
1700 1561 1825 1643 negotio

135 1686 312 1739 characteres
326 1699 460 1755 genenrm
474 1682 501 1737 in
515 1685 636 1737 valorem
651 1683 803 1736 sectionum
817 1682 862 1734 vel
877 1681 936 1734 vice
951 1696 1033 1734 versa
1047 1680 1200 1734 sectionum
1213 1680 1241 1732 in
1255 1679 1332 1733 illum
1347 1696 1481 1750 generum
1494 1686 1612 1749 possunt
1626 1677 1823 1732 transmutari.

134 1802 177 1854 De
191 1800 337 1870 speciebus
351 1801 440 1870 quoad
456 1800 636 1853 autoritatem
651 1797 806 1867 specificam
820 1797 910 1851 adhuc
924 1796 1012 1851 dubiis
1032 1803 1062 1850 et
1075 1813 1147 1849 nuuc
1161 1797 1197 1849 ab
1211 1796 1355 1849 autoribus
1369 1794 1494 1849 admissis
1509 1810 1581 1846 nunc
1600 1810 1660 1846 cum
1674 1792 1737 1845 aliis
1751 1809 1823 1845 con·

131 1914 236 1983 junctis
256 1932 310 1968 nou
324 1931 388 1970 raro
410 1930 428 1968 a
446 1914 580 1969 communi
595 1912 736 1967 scutemia
748 1912 869 1967 discessi.
912 1912 964 1965 Ubi
979 1929 1077 1981 nempe
1098 1928 1246 1965 cousensus
1266 1912 1419 1982 specierum
1432 1888 1615 1983 cognatarum
1627 1910 1745 1963 nondum
1760 1907 1822 1960 dis·

135 2030 323 2085 seminationis
336 2028 513 2099 experientia
532 2030 577 2082 rel
598 2028 744 2082 formarum
759 2028 927 2082 diversarum
947 2028 1065 2081 transitu
1080 2028 1181 2081 sensim
1202 2027 1229 2080 in
1250 2027 1418 2097 primitivam
1432 2026 1596 2097 originalem
1618 2031 1662 2078 est
1679 2024 1821 2094 probatus

135 2146 268 2215 simulquc
282 2144 481 2215 descriptiones
495 2145 703 2198 observatorum
717 2146 769 2197 tide
782 2142 1002 2214 dignissimorum
1016 2143 1192 2196 diversitates
1206 2141 1319 2212 madoris
1333 2142 1463 2197 momenti
1481 2142 1611 2213 signant,
1632 2139 1724 2193 formis
1744 2138 1821 2192 satis

135 2259 249 2313 diversis
264 2258 416 2329 specierum
429 2258 596 2330 dignitatem
610 2275 731 2323 servare,
747 2275 829 2329 quam
843 2259 901 2311 vice
915 2274 997 2312 rersa
1010 2259 1116 2327 species
1132 2258 1204 2310 hene
1218 2256 1363 2312 distinctas
1382 2260 1433 2312 sub
1446 2272 1658 2329 synonymorum
1673 2253 1820 2325 lanugine

135 2373 265 2429 oblivioni
280 2374 390 2428 tradere
403 2374 615 2443 praeterendum
628 2374 731 2427 censui.
760 2373 832 2427 Hinc
845 2374 930 2427 etiam
944 2373 1080 2427 interdum
1093 2372 1186 2426 forsan
1200 2372 1249 2427 vix
1263 2373 1361 2426 evitari
1376 2373 1477 2443 potuit,
1492 2371 1558 2443 quin
1573 2371 1679 2442 speeies
1693 2368 1820 2423 breviter

136 2497 166 2542 et
179 2488 322 2543 obscurius
337 2490 372 2543 ab
387 2489 532 2544 autoribus
545 2488 702 2560 descriptae
717 2491 768 2543 sub
782 2490 865 2543 titulo
880 2496 910 2544 et
925 2490 1034 2544 nomine
1048 2505 1179 2543 novarum
1194 2488 1222 2542 in
1236 2496 1332 2543 nostro
1347 2505 1431 2559 opere
1445 2490 1501 2541 sint
1515 2487 1687 2558 designatae.

214 2604 357 2659 Librorum
376 2611 406 2659 et
419 2621 634 2675 synonymorum
648 2604 738 2668 tituli,
760 2604 858 2675 quibus
873 2604 992 2675 plurima
1005 2619 1090 2674 opera
1103 2605 1172 2658 satis
1187 2606 1346 2667 abundant,
1368 2620 1452 2674 parce
1474 2610 1504 2657 et
1517 2620 1551 2656 eo
1564 2608 1673 2655 tantum
1687 2609 1753 2655 suut
1767 2602 1817 2654 ad·

136 2719 224 2782 ducti,
246 2726 380 2789 quantum
398 2722 434 2774 ad
447 2737 554 2775 errores
568 2720 713 2774 evitandos
728 2720 913 2774 necessarium
927 2719 1081 2774 ridebatur.
1123 2719 1191 2774 Cum
1206 2723 1301 2776 litatio
1316 2721 1459 2776 consentio
1473 2719 1518 2789 qui
1537 2716 1578 2781 (in
1590 2717 1765 2787 praefatione
1779 2719 1818 2771 ad

136 2835 248 2888 Clavem
255 2835 516 2905 Agrostographiae
530 2835 693 2906 antiquioris
707 2834 802 2905 pili.)
817 2835 899 2890 dicit:
918 2836 997 2897 ,Wir
1009 2837 1120 2889 werden
1134 2836 1313 2890 anerkennerr
1328 2842 1446 2899 mussan,
1461 2837 1524 2888 dass
1535 2834 1617 2903 jener
1629 2834 1715 2903 lange
1724 2832 1817 2903 Syno-

136 2966 245 3019 uymum
258 2948 408 3019 Appendix
418 2947 500 3016 jeder
513 2949 589 3004 Seite
603 2966 702 3005 unsrer
714 2951 825 3005 Bitcher
845 2968 898 3005 uur
918 2951 960 3004 als
974 2951 1037 3005 eine
1050 2951 1249 3024 ilberfldssige,
1267 2952 1301 3019 ju
1316 2953 1390 3006 wohl
1405 2950 1509 3027 lastige
1524 2950 1641 3019 Zugabe
1654 2948 1817 3001 betrnchtet

136 3066 189 3117 und
211 3064 257 3117 die
280 3064 529 3136 Nothwendigkeit
550 3065 672 3119 erkannt
693 3069 805 3121 werden
828 3066 914 3130 wird,
943 3066 1017 3120 diese
1041 3064 1193 3120 Wortfluth
1222 3065 1249 3120 in
1274 3068 1318 3120 ein
1341 3068 1508 3120 besonderes
1531 3066 1675 3136 gelehrtcs
1698 3062 1817 3115 Archiv-

135 3177 296 3232 Soumrrain
309 3178 359 3231 ab·
373 3179 428 3231 und
441 3195 599 3234 zusammen
613 3197 648 3235 uu
662 3182 757 3246 leiten,
771 3199 806 3235 zu
820 3184 882 3236 dem
895 3184 968 3235 dann
978 3181 1080 3249 jedem,
1096 3184 1157 3236 dem
1171 3185 1258 3235 daran
1272 3183 1409 3252 gelegen,
1424 3183 1473 3235 der
1486 3183 1608 3252 Zugang
1622 3180 1693 3232 elien
1707 3178 1814 3232 steht.“

135 3294 231 3346 leones
246 3291 373 3346 meliores
388 3301 418 3348 et
430 3293 561 3348 herbaria
578 3297 614 3349 ah
628 3296 690 3350 aliis
706 3298 823 3350 nondum
837 3297 927 3351 allata
940 3296 1050 3366 saepius
1065 3298 1196 3351 citantur.

214 3410 385 3480 Diagnoses,
400 3425 489 3480 aeque
503 3411 595 3465 vitata
608 3412 692 3466 nimia
705 3412 845 3466 brevitate
859 3428 892 3466 ac
906 3412 1047 3483 fatigante
1061 3413 1207 3493 verborum
1219 3376 1313 3482 copia,
1328 3429 1491 3484 componere
1505 3413 1623 3466 studium
1639 3418 1713 3473 erat,
1729 3409 1770 3463 ita
1782 3417 1817 3464 ut

137 3526 286 3596 imaginem
299 3525 414 3594 plautae
429 3534 580 3580 correctam
594 3536 625 3581 et
638 3528 721 3582 facile
736 3530 955 3600 cognoscendam
968 3527 1078 3582 sistant.

217 3641 295 3701 Quod
310 3641 421 3694 taudem
442 3641 545 3694 attinet
566 3643 600 3695 ad
622 3643 856 3696 denominationes
871 3643 1046 3713 plantarum,
1068 3659 1117 3697 eas
1139 3660 1207 3715 quas
1229 3645 1283 3699 illis
1305 3645 1464 3698 inventores
1486 3650 1516 3698 et
1530 3645 1685 3697 delectares
1699 3642 1819 3712 primum

136 3757 333 3826 imposuerunt,
348 3755 479 3828 religiose
494 3773 605 3811 semare
620 3757 708 3811 satius
722 3757 809 3811 risum
825 3765 883 3819 est,
906 3775 988 3828 quam
1002 3760 1102 3813 addere
1117 3760 1297 3814 autoritatem
1311 3777 1405 3813 eorum
1426 3759 1472 3829 qui
1485 3758 1562 3812 facili
1575 3760 1690 3830 negotio
1711 3776 1761 3812 eus
1782 3762 1820 3813 ad

136 3872 193 3925 alia
205 3873 343 3926 recentius
357 3872 469 3925 condita
482 3888 588 3943 garama
600 3873 772 3933 retuleruntr
793 3891 830 3926 ne
850 3890 915 3927 vero
929 3891 994 3928 usus
1009 3876 1152 3947 vulgatior
1166 3878 1329 3931 turbaretur
1342 3876 1416 3930 hunc
1430 3874 1564 3930 intactum
1577 3876 1738 3945 plerumque
1753 3876 1819 3929 reli·

136 3987 191 4057 qui.
233 3986 262 4040 Si
283 4003 348 4042 vero
370 3985 437 4040 nibil
460 3988 592 4040 obstabat
612 3995 676 4057 post
697 3988 816 4057 speciem
837 3989 877 4043 ita
897 3991 1094 4060 transpositam
1108 3992 1260 4045 inventoris
1279 4009 1378 4045 nomen
1398 3999 1443 4044 est
1462 3991 1584 4046 additum
1605 3992 1633 4045 in
1652 3990 1818 4062 parenthesi

136 4102 227 4172 posito
242 4102 350 4155 nomine
364 4103 511 4173 generice,
533 4104 583 4156 sub
599 4120 653 4173 quo
667 4105 703 4157 ab
718 4121 752 4157 co
765 4111 810 4157 est
823 4106 957 4174 vulgata,
972 4106 1013 4159 uti
1028 4107 1140 4176 saepius
1153 4108 1225 4160 haec
1239 4094 1287 4160 res'
1299 4106 1326 4160 irr
1341 4106 1450 4177 scriptis
1463 4114 1610 4162 tractatur.
1652 4107 1704 4160 Ubi
1718 4122 1819 4160 nomen

136 4218 175 4271 sic
184 4218 286 4272 dietum
296 4217 407 4272 triviale
420 4224 556 4272 mutatam
569 4225 622 4282 est,
638 4235 736 4272 nomeu
751 4220 857 4273 autoris
870 4220 1033 4290 parenthesi
1052 4228 1097 4275 est
1110 4222 1245 4276 inclusum
1260 4225 1333 4293 quod
1346 4223 1426 4295 signo
1445 4230 1490 4277 est
1502 4222 1685 4277 detectionem
1699 4222 1819 4292 plautae

137 4334 177 4388 illi
191 4352 247 4388 non
261 4334 370 4389 debere.
429 4374 433 4379 -

216 4450 297 4504 Licet
310 4456 422 4504 stream
436 4450 577 4520 probeque
591 4453 745 4516 studerem,
767 4460 799 4506 ut
813 4456 884 4524 quod
905 4454 970 4507 milri
984 4469 1183 4523 proposueram
1204 4454 1390 4508 inscribendo
1410 4452 1462 4505 hoc
1483 4452 1569 4515 libro,
1590 4458 1623 4506 ut
1641 4469 1738 4523 nempe
1759 4453 1818 4506 col·

136 4565 271 4627 lectione,
292 4564 489 4634 compositione
503 4572 533 4619 et
546 4566 718 4623 ordinatione
732 4568 851 4622 omnium
864 4544 970 4633 renim,
992 4585 1064 4640 quae
1079 4569 1157 4622 nobis
1172 4569 1206 4621 dc
1221 4568 1432 4621 Glumsecarurn
1445 4567 1552 4622 familia
1565 4568 1699 4621 industria
1712 4572 1743 4620 et
1755 4567 1818 4622 dili-

137 4678 235 4751 gentiu
247 4680 367 4748 priorum
382 4684 413 4732 et
426 4679 633 4734 novissimorum
646 4680 841 4736 Botauiccrum
856 4683 1009 4749 innotuere,
1025 4685 1053 4739 in
1066 4686 1232 4738 commodum
1246 4686 1388 4738 doctorum
1400 4683 1521 4739 virorum
1530 4712 1565 4721 -·
1575 4684 1698 4754 quamvis
1712 4685 1818 4739 meritis

137 4796 171 4847 de
181 4794 233 4847 lmc
248 4794 382 4847 scientiae
395 4800 508 4847 nostrae
516 4801 599 4864 parte
613 4796 699 4848 multo
713 4812 756 4848 me
771 4799 1089 4869 superantium—quasi
1103 4817 1159 4853 uno
1174 4764 1241 4854 notu
1256 4799 1283 4853 in
1297 4807 1475 4870 conspectum
1484 4800 1618 4861 ducerem,
1628 4814 1816 4869 meumque-

138 4912 207 4980 quod
222 4909 312 4963 sentio
322 4925 404 4979 quam
417 4909 455 4962 sit
468 4908 641 4979 exiguum—
650 4910 685 4961 ad
700 4917 879 4979 augmentum
893 4910 1033 4966 scientiae'
1041 4914 1167 4971 amabilis
1182 4915 1375 4976 contritorem,
1391 4914 1525 4983 simulque
1539 4913 1628 4966 asinus
1642 4913 1669 4966 in
1678 4918 1817 4985 Agroste-

136 5023 258 5095 grsphia
271 5023 389 5077 venatis
411 5025 457 5078 vel
478 5041 497 5078 a
509 5024 683 5094 supellectile
697 5024 823 5079 literaria
836 5026 948 5078 remotis
966 5027 1038 5080 viam
1059 5029 1093 5079 sd
1108 4996 1339 5099 investigationes
1353 5028 1499 5083 ulteriores
1514 5029 1649 5099 aperirem
1670 5034 1700 5081 et
1717 5027 1818 5097 plana-

137 5155 202 5200 rem,
219 5154 297 5191 nemo
307 5144 399 5192 tamen
413 5155 457 5192 me
471 5138 532 5209 ipso
546 5139 636 5193 minus
650 5139 765 5210 ignarus
779 5148 825 5194 est
839 5140 1018 5211 imperfectae
1032 5148 1061 5194 et
1075 5141 1225 5197 lacunosae
1234 5142 1319 5213 hujus
1334 5144 1458 5213 opusculi
1472 5142 1690 5198 constructionis.
1712 5144 1818 5199 'lamen

137 5268 251 5325 sperare
265 5252 374 5319 licebit,
396 5259 429 5307 ut
442 5252 506 5308 mibi
519 5270 571 5324 pro
585 5253 709 5323 improbo
728 5260 772 5309 tot
786 5270 919 5312 annorum
933 5257 1031 5310 labore
1044 5258 1160 5313 mercedi
1182 5259 1219 5313 sit
1233 5260 1356 5334 benigna
1369 5261 1543 5333 humanaque
1562 5264 1593 5314 et
1601 5256 1682 5330 justa
1696 5259 1818 5315 erudito-
